@Article{article:ssl-poodle,
 author       = {Bodo MÃ¶ller, Thai Duong, Krzysztof Kotowicz},
 title        = {This POODLE bites : Exploiting the SSL 3.0 Fallback},
 journal      = {\url{https://www.openssl.org/~bodo/ssl-poodle.pdf}},
 month        = {September},
 year         = {2014},
 note         = {},
 annote       = {}
}

@Article{article:handshake,
 author       = {secure-resumption},
 title        = {Triple Handshakes Considered Harmful Breaking and Fixing Authentication over TLS},
 journal      = {\url{https://secure-resumption.com/}},
 month        = {March},
 year         = {2014},
 note         = {},
 annote       = {}
}

